<?xml version="1.0" encoding="UTF-8"?><collection xmlns="http://www.loc.gov/MARC21/slim"><record><leader>00561nam--2200193-i-4500</leader><controlfield tag="001">000033672</controlfield><controlfield tag="002">20161230</controlfield><controlfield tag="005">20161230201039</controlfield><controlfield tag="008">060222s1000------------r-----000-0-eng-d</controlfield><datafield ind1=" " ind2=" " tag="040"><subfield code="a">IFIN-HH</subfield></datafield><datafield ind1=" " ind2=" " tag="080"><subfield code="a">538.122</subfield></datafield><datafield ind1="1" ind2=" " tag="100"><subfield code="a">Parkinson, David H</subfield></datafield><datafield ind1="1" ind2="0" tag="245"><subfield code="a">The generation of high magnetic fields</subfield><subfield code="c">David h. parkinson; brian e. mulhall</subfield></datafield><datafield ind1=" " ind2=" " tag="260"><subfield code="a">New York</subfield><subfield code="b">Plenum Press</subfield><subfield code="c">1967</subfield></datafield><datafield ind1=" " ind2=" " tag="300"><subfield code="a">XII + 165P</subfield></datafield><datafield ind1=" " ind2=" " tag="490"><subfield code="a">The International Cryogenics Monograph Series</subfield></datafield><datafield ind1="1" ind2=" " tag="700"><subfield code="a">Mulhall, Brian E</subfield></datafield><datafield ind1=" " ind2=" " tag="852"><subfield code="a">27636</subfield><subfield code="c">537:538</subfield></datafield><datafield ind1=" " ind2=" " tag="CAT"><subfield code="a">Sys</subfield><subfield code="c">20110616</subfield><subfield code="h">130536</subfield></datafield></record></collection>